<?xml version="1.0" encoding="UTF-8"?><collection xmlns="http://www.loc.gov/MARC21/slim"><record><leader>00319nam--2200121-i-4500</leader><controlfield tag="001">000018043</controlfield><controlfield tag="002">20161230</controlfield><controlfield tag="005">20161230201032</controlfield><controlfield tag="008">060222s1000------------r-----000-0-eng-d</controlfield><datafield ind1=" " ind2=" " tag="100"><subfield code="a">Forsith, Andrew Russell</subfield></datafield><datafield ind1=" " ind2=" " tag="245"><subfield code="a">Theory of diferential equations</subfield></datafield><datafield ind1=" " ind2=" " tag="260"><subfield code="a">Cambridge, At The University Press, 1890-1906</subfield></datafield><datafield ind1=" " ind2=" " tag="852"><subfield code="a">456</subfield></datafield></record></collection>